<?xml version="1.0" encoding="UTF-8"?><record xmlns="http://www.loc.gov/MARC21/slim" xmlns:cinclude="http://apache.org/cocoon/include/1.0" xmlns:zs="http://www.loc.gov/zing/srw/">
  <leader>00435cz  a2200121n  4500</leader>
  <controlfield tag="001">n  87823618 </controlfield>
  <controlfield tag="003">DLC</controlfield>
  <controlfield tag="005">20141209100348.0</controlfield>
  <controlfield tag="008">870414n| azannaab           |n anc      </controlfield>
  <datafield tag="010" ind1=" " ind2=" ">
    <subfield code="a">n  87823618 </subfield>
  </datafield>
  <datafield tag="040" ind1=" " ind2=" ">
    <subfield code="a">DLC</subfield>
    <subfield code="b">eng</subfield>
    <subfield code="e">rda</subfield>
    <subfield code="c">DLC</subfield>
    <subfield code="d">DLC</subfield>
  </datafield>
  <datafield tag="110" ind1="2" ind2=" ">
    <subfield code="a">Oblastní Muzeum (Kutná Hora, Czechoslovakia)</subfield>
  </datafield>
  <datafield tag="670" ind1=" " ind2=" ">
    <subfield code="a">nuc87-33371: Kutná Hora v báňské historii, 1968</subfield>
    <subfield code="b">(hdg. on CtY-KS rept.: Kutná Hora, Czechoslovak Republic. Oblastní Muzeum)</subfield>
  </datafield>
</record>